@book{zee,
    title={Quantum Field Theory in a Nutshell},
    author={Anthony Zee}
}
@book{pardo,
    title={Statistical Inference Based on Divergence Measures},
    author={Leandro Pardo}
}
@website{
    alphabetsprintables,
    url={http://alphabetprintables.org/printable-cursive-alphabets-lowercase.html}
}
@website{
    dilation,
    url={https://www.mathworks.com/help/images/morphological-dilation-and-erosion.html}
}
@website{
    morph,
    url={https://docs.opencv.org/3.0-beta/doc/py_tutorials/py_imgproc/py_morphological_ops/py_morphological_ops.html}
}
@website{bubble,
    url={https://tex.stackexchange.com/questions/375285/draw-a-grid-of-bivariate-normal-distributions-in-tikz}
}